@article{liu2016quantum,
  title={Quantum impurities in channel mixing baths},
  author={Liu, Jin-Guo and Wang, Da and Wang, Qiang-Hua},
  journal={Physical Review B},
  volume={93},
  number={3},
  pages={035102},
  year={2016},
  publisher={APS}
}

@article{yang2014superconductivity,
  title={Superconductivity in doped Sr 2 IrO 4: A functional renormalization group study},
  author={Yang, Yang and Wang, Wan-Sheng and Liu, Jin-Guo and Chen, Hua and Dai, Jian-Hui and Wang, Qiang-Hua},
  journal={Physical Review B},
  volume={89},
  number={9},
  pages={094518},
  year={2014},
  publisher={APS}
}

@article{liu2017local,
  title={Local indistinguishability and edge modes revealed by the sub-system fidelity},
  author={Liu, Jin-Guo and Gu, Zhao-Long and Li, Jian-Xin and Wang, Qiang-Hua},
  journal={New Journal of Physics},
  volume={19},
  number={9},
  pages={093017},
  year={2017},
  publisher={IOP Publishing}
}

@article{wang2018electronic,
  title={Electronic order near the type-II van Hove singularity in BC 3},
  author={Wang, Yao and Liu, Jin-Guo and Wang, Wan-Sheng and Wang, Qiang-Hua},
  journal={Physical Review B},
  volume={97},
  number={17},
  pages={174513},
  year={2018},
  publisher={American Physical Society}
}

@article{liu2018differentiable,
  title={Differentiable learning of quantum circuit born machines},
  author={Liu, Jin-Guo and Wang, Lei},
  journal={Physical Review A},
  volume={98},
  number={6},
  pages={062324},
  year={2018},
  publisher={American Physical Society}
}

@article{cai2018approximating,
  title={Approximating quantum many-body wave functions using artificial neural networks},
  author={Cai, Zi and Liu, Jinguo},
  journal={Physical Review B},
  volume={97},
  number={3},
  pages={035116},
  year={2018},
  publisher={APS}
}

@article{zeng2019learning,
  title={Learning and inference on generative adversarial quantum circuits},
  author={Zeng, Jinfeng and Wu, Yufeng and Liu, Jin-Guo and Wang, Lei and Hu, Jiangping},
  journal={Physical Review A},
  volume={99},
  number={5},
  pages={052306},
  year={2019},
  publisher={American Physical Society}
}

@article{liu2019variational,
  title={Variational quantum eigensolver with fewer qubits},
  author={Liu, Jin-Guo and Zhang, Yi-Hong and Wan, Yuan and Wang, Lei},
  journal={Physical Review Research},
  volume={1},
  number={2},
  pages={023025},
  year={2019},
  publisher={American Physical Society}
}

@article{liao2019differentiable,
  title={Differentiable programming tensor networks},
  author={Liao, Hai-Jun and Liu, Jin-Guo and Wang, Lei and Xiang, Tao},
  journal={Physical Review X},
  volume={9},
  number={3},
  pages={031041},
  year={2019},
  publisher={American Physical Society}
}

@article{luo2020yao,
  title={Yao. jl: Extensible, efficient framework for quantum algorithm design},
  author={Luo, Xiu-Zhe and Liu, Jin-Guo and Zhang, Pan and Wang, Lei},
  journal={Quantum},
  volume={4},
  pages={341},
  year={2020},
  publisher={Verein zur F{\"o}rderung des Open Access Publizierens in den Quantenwissenschaften}
}

@article{liu2021solving,
  title={Solving quantum statistical mechanics with variational autoregressive networks and quantum circuits},
  author={Liu, Jin-Guo and Mao, Liang and Zhang, Pan and Wang, Lei},
  journal={Machine Learning: Science and Technology},
  volume={2},
  number={2},
  pages={025011},
  year={2021},
  publisher={IOP Publishing}
}

@article{xie2020automatic,
  title={Automatic differentiation of dominant eigensolver and its applications in quantum physics},
  author={Xie, Hao and Liu, Jin-Guo and Wang, Lei},
  journal={Physical Review B},
  volume={101},
  number={24},
  pages={245139},
  year={2020},
  publisher={American Physical Society}
}

@article{liu2020differentiate,
  title={Differentiate everything with a reversible programming language},
  author={Liu, Jin-Guo and Zhao, Taine},
  journal={arXiv preprint arXiv:2003.04617},
  year={2020}
}

@article{liu2021tropical,
  title={Tropical tensor network for ground states of spin glasses},
  author={Liu, Jin-Guo and Wang, Lei and Zhang, Pan},
  journal={Physical Review Letters},
  volume={126},
  number={9},
  pages={090506},
  year={2021},
  publisher={American Physical Society}
}

@article{liu2021probabilistic,
  title={Probabilistic nonunitary gate in imaginary time evolution},
  author={Liu, Tong and Liu, Jin-Guo and Fan, Heng},
  journal={Quantum Information Processing},
  volume={20},
  number={6},
  pages={1--21},
  year={2021},
  publisher={Springer US}
}

@article{王磊2021微分万物,
  title={微分万物: 深度学习的启示},
  author={王磊 and 刘金国},
  journal={物理},
  volume={50},
  number={2},
  pages={69--75},
  year={2021}
}

@article{jin2021automatic,
  title={Automatic differentiation and its applications in physics simulation},
  author={Jin-Guo, Liu and Kai-Lai, Xu},
  journal={ACTA PHYSICA SINICA},
  volume={70},
  number={14},
  year={2021},
  publisher={CHINESE PHYSICAL SOC PO BOX 603, BEIJING 100080, PEOPLES R CHINA}
}

@article{Liu2022,
  title={Computing solution space properties of combinatorial optimization problems via generic tensor networks},
  author={Liu, Jin-Guo and Gao, Xun and Cain, Madelyn and Lukin, Mikhail D and Wang, Sheng-Tao},
  journal={arXiv preprint arXiv:2205.03718},
  year={2022}
}

@misc{Liu2022b,
title={MAXIMUM INDEPENDENT SETS: FROM UNIT DISK GRAPHS TO ARBITRARY CONNECTIVITY},
author={Liu, Jinguo and Nguyen, Minh-Thi and Wang, Shengtao and Pichler, Hannes},
}

@article{Ebadi2022,
  title={Quantum optimization of maximum independent set using Rydberg atom arrays},
  author={Ebadi, Sepehr and Keesling, Alexander and Cain, Madelyn and Wang, Tout T and Levine, Harry and Bluvstein, Dolev and Semeghini, Giulia and Omran, Ahmed and Liu, J-G and Samajdar, Rhine and others},
  journal={Science},
  pages={eabo6587},
  year={2022},
  publisher={American Association for the Advancement of Science}
}
