@article{Liu2014,
  title = {Superconductivity in doped Sr$_2$IrO$_{4}$: A functional renormalization group study},
  author = {Yang, Yang and Wang, Wan-Sheng and Liu, Jin-Guo and Chen, Hua and Dai, Jian-Hui and Wang, Qiang-Hua},
  journal = {Phys. Rev. B},
  volume = {89},
  issue = {9},
  pages = {094518},
  numpages = {5},
  year = {2014},
  month = {Mar},
  publisher = {American Physical Society},
  doi = {10.1103/PhysRevB.89.094518},
  url = {http://link.aps.org/doi/10.1103/PhysRevB.89.094518}
}

@article{Liu2016a,
  title = {Quantum impurities in channel mixing baths},
  author = {Liu, Jin-Guo and Wang, Da and Wang, Qiang-Hua},
  journal = {Phys. Rev. B},
  volume = {93},
  issue = {3},
  pages = {035102},
  numpages = {8},
  year = {2016},
  month = {Jan},
  publisher = {American Physical Society},
  doi = {10.1103/PhysRevB.93.035102},
  url = {http://link.aps.org/doi/10.1103/PhysRevB.93.035102}
}
@article{Liu2016b,
  author={Liu, Jin-Guo and Gu, Zhao-Long and Li, Jian-Xin and Wang, Qiang-Hua},
  title={Local indistinguishability and edge modes revealed by the sub-system fidelity},
  journal={N. J. Phys.},
  volume={19},
  number={9},
  pages={093017},
  url={http://stacks.iop.org/1367-2630/19/i=9/a=093017},
  year={2017},
}

@article{Weichselbaum2009,
    archivePrefix = {arXiv},
    arxivId = {cond-mat/0504305},
    author = {Weichselbaum, A. and Verstraete, Frank and Schollw{\"{o}}ck, U. and Cirac, J. I. and von Delft, Jan},
    doi = {10.1103/PhysRevB.80.165117},
    eprint = {0504305},
    isbn = {1098-0121},
    issn = {1098-0121},
    journal = {Physical Review B},
    mendeley-groups = {Tensor network},
    number = {16},
    pages = {5},
    primaryClass = {cond-mat},
    title = {{Variational matrix-product-state approach to quantum impurity models}},
    url = {http://arxiv.org/abs/cond-mat/0504305},
    volume = {80},
    year = {2009}
}

@article{Merker2012,
    archivePrefix = {arXiv},
    arxivId = {1207.2631},
    author = {Merker, L. and Weichselbaum, a. and Costi, T. a.},
    doi = {10.1103/PhysRevB.86.075153},
    eprint = {1207.2631},
    issn = {10980121},
    journal = {Physical Review B - Condensed Matter and Materials Physics},
    mendeley-groups = {impurity},
    number = {7},
    pages = {1--10},
    title = {{Full density-matrix numerical renormalization group calculation of impurity susceptibility and specific heat of the Anderson impurity model}},
    volume = {86},
    year = {2012}
}

@article{Nghiem2014,
    archivePrefix = {arXiv},
    arxivId = {1312.3646},
    author = {Nghiem, H. T M and Costi, T. a.},
    doi = {10.1103/PhysRevB.89.075118},
    eprint = {1312.3646},
    issn = {10980121},
    journal = {Physical Review B - Condensed Matter and Materials Physics},
    mendeley-groups = {impurity},
    number = {7},
    title = {{Generalization of the time-dependent numerical renormalization group method to finite temperatures and general pulses}},
    volume = {89},
    year = {2014}
}


@article{Pollmann2016,
  title = {Efficient variational diagonalization of fully many-body localized Hamiltonians},
  author = {Pollmann, Frank and Khemani, Vedika and Cirac, J. Ignacio and Sondhi, S. L.},
  journal = {Phys. Rev. B},
  volume = {94},
  issue = {4},
  pages = {041116},
  numpages = {5},
  year = {2016},
  month = {Jul},
  publisher = {American Physical Society},
  doi = {10.1103/PhysRevB.94.041116},
  url = {http://link.aps.org/doi/10.1103/PhysRevB.94.041116}
}
@article{Khemani2016,
    archivePrefix = {arXiv},
    arxivId = {1509.00483},
    author = {Khemani, Vedika and Pollmann, Frank and Sondhi, S. L.},
    doi = {10.1103/PhysRevLett.116.247204},
    eprint = {1509.00483},
    issn = {10797114},
    journal = {Physical Review Letters},
    number = {24},
    pages = {247204},
    pmid = {27367405},
    title = {{Obtaining Highly Excited Eigenstates of Many-Body Localized Hamiltonians by the Density Matrix Renormalization Group Approach}},
    volume = {116},
    year = {2016}
}

@article{Bardarson2012,
    author = {Bardarson, Jens H. and Pollmann, Frank and Moore, Joel E.},
    doi = {10.1103/PhysRevLett.109.017202},
    issn = {0031-9007},
    journal = {Physical Review Letters},
    mendeley-groups = {localization},
    number = {1},
    pages = {017202},
    title = {{Unbounded Growth of Entanglement in Models of Many-Body Localization}},
    url = {http://link.aps.org/doi/10.1103/PhysRevLett.109.017202},
    volume = {109},
    year = {2012}
}

@article{Fritz2005,
    archivePrefix = {arXiv},
    arxivId = {cond-mat/0505611},
    author = {Fritz, Lars and Vojta, Matthias},
    doi = {10.1103/PhysRevB.72.212510},
    eprint = {0505611},
    issn = {10980121},
    journal = {Physical Review B - Condensed Matter and Materials Physics},
    mendeley-groups = {impurity},
    number = {21},
    pages = {3--5},
    primaryClass = {cond-mat},
    title = {{Kondo screening in unconventional superconductors: The role of anomalous propagators}},
    volume = {72},
    year = {2005}
}

@article{Meng2009,
    archivePrefix = {arXiv},
    arxivId = {0902.1111},
    author = {Meng, Tobias and Florens, Serge and Simon, Pascal},
    doi = {10.1103/PhysRevB.79.224521},
    eprint = {0902.1111},
    issn = {10980121},
    journal = {Physical Review B - Condensed Matter and Materials Physics},
    mendeley-groups = {tunneling/0-pi},
    pages = {38--41},
    title = {{Self-consistent description of Andreev bound states in Josephson quantum dot devices}},
    volume = {79},
    year = {2009}
}
@article{Vishveshwara2011,
  author={Wade DeGottardi and Diptiman Sen and Smitha Vishveshwara},
  title={Topological phases, Majorana modes and quench dynamics in a spin ladder system},
  journal={New J. Phys.},
  volume={13},
  number={6},
  pages={065028},
  url={http://stacks.iop.org/1367-2630/13/i=6/a=065028},
  year={2011}
}

@article{Bardyn2012,
  title = {Majorana-like Modes of Light in a One-Dimensional Array of Nonlinear Cavities},
  author = {Bardyn, C.-E. and \ifmmode \dot{I}\else \.{I}\fi{}mamo\ifmmode \check{g}\else \v{g}\fi{}lu, A.},
  journal = {Phys. Rev. Lett.},
  volume = {109},
  issue = {25},
  pages = {253606},
  numpages = {5},
  year = {2012},
  month = {Dec},
  publisher = {American Physical Society},
  doi = {10.1103/PhysRevLett.109.253606},
  url = {http://link.aps.org/doi/10.1103/PhysRevLett.109.253606}
}
@article{Zvyagin2013,
  title = {Possibility of Direct Observation of Edge Majorana Modes in Quantum Chains},
  author = {Zvyagin, A. A.},
  journal = {Phys. Rev. Lett.},
  volume = {110},
  issue = {21},
  pages = {217207},
  numpages = {5},
  year = {2013},
  month = {May},
  publisher = {American Physical Society},
  doi = {10.1103/PhysRevLett.110.217207},
  url = {http://link.aps.org/doi/10.1103/PhysRevLett.110.217207}
}

@article{Pollmann2010,
    archivePrefix = {arXiv},
    arxivId = {0910.1811},
    author = {Pollmann, Frank and Turner, Ari M. and Berg, Erez and Oshikawa, Masaki},
    doi = {10.1103/PhysRevB.81.064439},
    eprint = {0910.1811},
    issn = {10980121},
    journal = {Physical Review B - Condensed Matter and Materials Physics},
    number = {6},
    pages = {1--10},
    title = {{Entanglement spectrum of a topological phase in one dimension}},
    volume = {81},
    year = {2010}
}

@article{Bulla1997,
  author={R Bulla and Th Pruschke and A C Hewson},
  title={Anderson impurity in pseudo-gap Fermi systems},
  journal={Journal of Physics: Condensed Matter},
  volume={9},
  number={47},
  pages={10463},
  url={http://stacks.iop.org/0953-8984/9/i=47/a=014},
  year={1997},
}
	
@article{Fritz2004,
    archivePrefix = {arXiv},
    arxivId = {cond-mat/0408543},
    author = {Fritz, Lars and Vojta, Matthias},
    doi = {10.1103/PhysRevB.70.214427},
    eprint = {0408543},
    isbn = {1098-0121},
    issn = {10980121},
    journal = {Physical Review B - Condensed Matter and Materials Physics},
    mendeley-groups = {impurity},
    number = {21},
    pages = {1--24},
    primaryClass = {cond-mat},
    title = {{Phase transitions in the pseudogap Anderson and Kondo models: Critical dimensions, renormalization group, and local-moment criticality}},
    volume = {70},
    year = {2004}
}


@article{Basko2006,
    archivePrefix = {arXiv},
    arxivId = {cond-mat/0602510},
    author = {Basko, D. M. and Aleiner, I. L. and Altshuler, B. L.},
    eprint = {0602510},
    mendeley-groups = {localization},
    pages = {1--21},
    primaryClass = {cond-mat},
    title = {{On the problem of many-body localization}},
    url = {http://arxiv.org/abs/cond-mat/0602510},
    year = {2006}
}

@article{Liu2016,
    archivePrefix = {arXiv},
    arxivId = {1610.03137},
    author = {Liu, Junwei and Qi, Yang and Meng, Zi Yang and Fu, Liang},
    eprint = {1610.03137},
    number = {1},
    pages = {1--5},
    title = {{Self-Learning Monte Carlo Method}},
    url = {http://arxiv.org/abs/1610.03137},
    year = {2016}
}

@article{Cai2018,
  title = {Approximating quantum many-body wave functions using artificial neural networks},
  author = {Cai, Zi and Liu, Jinguo},
  journal = {Phys. Rev. B},
  volume = {97},
  issue = {3},
  pages = {035116},
  numpages = {8},
  year = {2018},
  month = {Jan},
  publisher = {American Physical Society},
  doi = {10.1103/PhysRevB.97.035116},
  url = {https://link.aps.org/doi/10.1103/PhysRevB.97.035116}
}

@article{Zeng2018,
  title={Learning and Inference on Generative Adversarial Quantum Circuits},
  author={Zeng, Jinfeng and Wu, Yufeng and Liu, Jin-Guo and Wang, Lei and Hu, Jiangping},
  journal={arXiv preprint arXiv:1808.03425},
  year={2018}
}

@article{Liu2018,
  title={Differentiable learning of quantum circuit Born machine},
  author={Liu, Jin-Guo and Wang, Lei},
  journal={arXiv preprint arXiv:1804.04168},
  year={2018}
}
